@mastersthesis{1024532352.nh,
author = {何果},
 title = {基于大模型的洪涝灾害防御数字化孪生系统的研究与实现},
school = {西安理工大学},
year = {2024}
}    
@mastersthesis{1024008988.nh,
author = {孙维纬},
 title = {知识检索增强的对话系统研究},
school = {山东大学},
year = {2023}
}    
@mastersthesis{1024744443.nh,
author = {王文倩},
 title = {基于大模型的电力营销报告问答研究与应用},
school = {东华大学},
year = {2024}
}    
@mastersthesis{1024917032.nh,
author = {李诗叶},
 title = {基于知识图谱和大模型的法律领域问答系统设计与实现},
school = {武汉邮电科学研究院},
year = {2024}
}    
@phdthesis{1024651093.nh,
author = {李进},
 title = {鼠疫知识图谱和基于大模型的智能问答研究},
school = {内蒙古农业大学},
year = {2024}
}   
@article{chen2018neural,
  title={Neural ordinary differential equations},
  author={Chen, Ricky TQ and Rubanova, Yulia and Bettencourt, Jesse and Duvenaud, David K},
  journal={Advances in neural information processing systems},
  volume={31},
  year={2018}
}
@inproceedings{he2024annollm,
  title={AnnoLLM: Making Large Language Models to Be Better Crowdsourced Annotators},
  author={He, Xingwei and Lin, Zhenghao and Gong, Yeyun and Jin, A-Long and Zhang, Hang and Lin, Chen and Jiao, Jian and Yiu, Siu Ming and Duan, Nan and Chen, Weizhu},
  booktitle={Proceedings of the 2024 Conference of the North American Chapter of the Association for Computational Linguistics: Human Language Technologies (Volume 6: Industry Track)},
  pages={165--190},
  year={2024}
}
@inproceedings{weifinetuned,
  title={Finetuned Language Models are Zero-Shot Learners},
  author={Wei, Jason and Bosma, Maarten and Zhao, Vincent and Guu, Kelvin and Yu, Adams Wei and Lester, Brian and Du, Nan and Dai, Andrew M and Le, Quoc V},
  booktitle={International Conference on Learning Representations},
  year={2022}
}
@online{chen2023label,
  title={Label-free node classification on graphs with large language models (llms)},
  author={Chen, Zhikai and Mao, Haitao and Wen, Hongzhi and Han, Haoyu and Jin, Wei and Zhang, Haiyang and Liu, Hui and Tang, Jiliang},
  publisher={arXiv:2310.04668},
  url={https://arxiv.org/abs/2310.04668},
  year={2023}
}
@article{chung2024scaling,
  title={Scaling instruction-finetuned language models},
  author={Chung, Hyung Won and Hou, Le and Longpre, Shayne and Zoph, Barret and Tay, Yi and Fedus, William and Li, Yunxuan and Wang, Xuezhi and Dehghani, Mostafa and Brahma, Siddhartha and others},
  journal={Journal of Machine Learning Research},
  volume={25},
  number={70},
  pages={1--53},
  year={2024}
}
@inproceedings{longpre2023flan,
  title={The flan collection: Designing data and methods for effective instruction tuning},
  author={Longpre, Shayne and Hou, Le and Vu, Tu and Webson, Albert and Chung, Hyung Won and Tay, Yi and Zhou, Denny and Le, Quoc V and Zoph, Barret and Wei, Jason and others},
  booktitle={International Conference on Machine Learning},
  pages={22631--22648},
  year={2023},
  organization={PMLR}
}
@article{floridi2020gpt,
  title={GPT-3: Its nature, scope, limits, and consequences},
  author={Floridi, Luciano and Chiriatti, Massimo},
  journal={Minds and Machines},
  volume={30},
  pages={681--694},
  year={2020},
  publisher={Springer}
}
@online{touvron2023llama,
  title={Llama: Open and efficient foundation language models},
  author={Touvron, Hugo and Lavril, Thibaut and Izacard, Gautier and Martinet, Xavier and Lachaux, Marie-Anne and Lacroix, Timoth{\'e}e and Rozi{\`e}re, Baptiste and Goyal, Naman and Hambro, Eric and Azhar, Faisal and others},
  publisher={arXiv: 2302.13971},
  url={https://arxiv.org/abs/2302.13971},
  year={2023}
}
@online{team2023gemini,
  title={Gemini: a family of highly capable multimodal models},
  author={Team, Gemini and Anil, Rohan and Borgeaud, Sebastian and Alayrac, Jean-Baptiste and Yu, Jiahui and Soricut, Radu and Schalkwyk, Johan and Dai, Andrew M and Hauth, Anja and Millican, Katie and others},
  publisher={arXiv: 2312.11805},
  url={https://arxiv.org/abs/2312.11805},
  year={2023}
}
@inproceedings{lu2018beyond,
  title={Beyond finite layer neural networks: Bridging deep architectures and numerical differential equations},
  author={Lu, Yiping and Zhong, Aoxiao and Li, Quanzheng and Dong, Bin},
  booktitle={International conference on machine learning},
  pages={3276--3285},
  year={2018},
  organization={PMLR}
}
@inproceedings{hendrycksmeasuring,
  title={Measuring Massive Multitask Language Understanding},
  author={Hendrycks, Dan and Burns, Collin and Basart, Steven and Zou, Andy and Mazeika, Mantas and Song, Dawn and Steinhardt, Jacob},
  booktitle={International Conference on Learning Representations},
  year={2021}
}
@inproceedings{zhang2023large,
  title={How Do Large Language Models Capture the Ever-changing World Knowledge? A Review of Recent Advances},
  author={Zhang, Zihan and Fang, Meng and Chen, Ling and Namazi-Rad, Mohammad-Reza and Wang, Jun},
  booktitle={Proceedings of the 2023 Conference on Empirical Methods in Natural Language Processing},
  pages={8289--8311},
  year={2023}
}

@inproceedings{kandpal2023large,
  title={Large language models struggle to learn long-tail knowledge},
  author={Kandpal, Nikhil and Deng, Haikang and Roberts, Adam and Wallace, Eric and Raffel, Colin},
  booktitle={International Conference on Machine Learning},
  pages={15696--15707},
  year={2023},
  organization={PMLR}
}
@online{gao2023retrieval,
  title={Retrieval-Augmented Generation for Large Language Models: A Survey},
  author={Gao, Yunfan and Xiong, Yun and Gao, Xinyu and Jia, Kangxiang and Pan, Jinliu and Bi, Yuxi and Dai, Yi and Sun, Jiawei and Wang, Meng and Wang, Haofen},
  publisher={arXiv:2312.10997},
  url = {https://arxiv.org/abs/2312.10997},
  year={2023}
}
@inproceedings{karpukhin2020dense,
  title={Dense Passage Retrieval for Open-Domain Question Answering.},
  author={Karpukhin, Vladimir and Oguz, Barlas and Min, Sewon and Lewis, Patrick SH and Wu, Ledell and Edunov, Sergey and Chen, Danqi and Yih, Wen-tau},
  booktitle={EMNLP (1)},
  pages={6769--6781},
  year={2020}
}
@article{izacard2023atlas,
  title={Atlas: Few-shot learning with retrieval augmented language models},
  author={Izacard, Gautier and Lewis, Patrick and Lomeli, Maria and Hosseini, Lucas and Petroni, Fabio and Schick, Timo and Dwivedi-Yu, Jane and Joulin, Armand and Riedel, Sebastian and Grave, Edouard},
  journal={Journal of Machine Learning Research},
  volume={24},
  number={251},
  pages={1--43},
  year={2023}
}
@inproceedings{yao2023editing,
  title={Editing Large Language Models: Problems, Methods, and Opportunities},
  author={Yao, Yunzhi and Wang, Peng and Tian, Bozhong and Cheng, Siyuan and Li, Zhoubo and Deng, Shumin and Chen, Huajun and Zhang, Ningyu},
  booktitle={The 2023 Conference on Empirical Methods in Natural Language Processing},
  year={2023}
}
@inproceedings{bang2023multitask,
  title={A Multitask, Multilingual, Multimodal Evaluation of ChatGPT on Reasoning, Hallucination, and Interactivity},
  author={Bang, Yejin and Cahyawijaya, Samuel and Lee, Nayeon and Dai, Wenliang and Su, Dan and Wilie, Bryan and Lovenia, Holy and Ji, Ziwei and Yu, Tiezheng and Chung, Willy and others},
  booktitle={Proceedings of the 13th International Joint Conference on Natural Language Processing and the 3rd Conference of the Asia-Pacific Chapter of the Association for Computational Linguistics (Volume 1: Long Papers)},
  pages={675--718},
  year={2023}
}
@article{he2024g,
  title={G-retriever: Retrieval-augmented generation for textual graph understanding and question answering},
  author={He, Xiaoxin and Tian, Yijun and Sun, Yifei and Chawla, Nitesh and Laurent, Thomas and LeCun, Yann and Bresson, Xavier and Hooi, Bryan},
  journal={Advances in Neural Information Processing Systems},
  volume={37},
  pages={132876--132907},
  year={2024}
}
@inproceedings{wang2024knowledge,
  title={Knowledge graph prompting for multi-document question answering},
  author={Wang, Yu and Lipka, Nedim and Rossi, Ryan A and Siu, Alexa and Zhang, Ruiyi and Derr, Tyler},
  booktitle={Proceedings of the AAAI Conference on Artificial Intelligence},
  volume={38},
  number={17},
  pages={19206--19214},
  year={2024}
}
@inproceedings{chen2024dense,
  title={Dense x retrieval: What retrieval granularity should we use?},
  author={Chen, Tong and Wang, Hongwei and Chen, Sihao and Yu, Wenhao and Ma, Kaixin and Zhao, Xinran and Zhang, Hongming and Yu, Dong},
  booktitle={Proceedings of the 2024 Conference on Empirical Methods in Natural Language Processing},
  pages={15159--15177},
  year={2024}
}
@online{luo2023augmented,
  title={Augmented large language models with parametric knowledge guiding},
  author={Luo, Ziyang and Xu, Can and Zhao, Pu and Geng, Xiubo and Tao, Chongyang and Ma, Jing and Lin, Qingwei and Jiang, Daxin},
  publisher={arXiv: 2305.04757},
  url={https://arxiv.org/abs/2305.04757},
  year={2023}
}
@online{luo2023divide,
  title={Divide \& conquer for entailment-aware multi-hop evidence retrieval},
  author={Luo, Fan and Surdeanu, Mihai},
  publisher={arXiv: 2311.02616},
  url={https://arxiv.org/abs/2311.02616},
  year={2023}
}
@online{wang2308knowledgpt,
  title={KnowledGPT: Enhancing Large Language Models with Retrieval and Storage Access on Knowledge Bases},
  author={Wang, X and Yang, Q and Qiu, Y and Liang, J and He, Q and Gu, Z and Xiao, Y and Wang, W},
  publisher={arXiv: 2308.11761},
  url={https://arxiv.org/abs/2308.11761},
  year={2023}
}
@inproceedings{cheng2023uprise,
  title={UPRISE: Universal Prompt Retrieval for Improving Zero-Shot Evaluation},
  author={Cheng, Daixuan and Huang, Shaohan and Bi, Junyu and Zhan, Yuefeng and Liu, Jianfeng and Wang, Yujing and Sun, Hao and Wei, Furu and Deng, Weiwei and Zhang, Qi},
  booktitle={Proceedings of the 2023 Conference on Empirical Methods in Natural Language Processing},
  pages={12318--12337},
  year={2023}
}
@inproceedings{devlin2019bert,
  title={Bert: Pre-training of deep bidirectional transformers for language understanding},
  author={Devlin, Jacob and Chang, Ming-Wei and Lee, Kenton and Toutanova, Kristina},
  booktitle={Proceedings of the 2019 conference of the North American chapter of the association for computational linguistics: human language technologies, volume 1 (long and short papers)},
  pages={4171--4186},
  year={2019}
}
@article{raffel2020exploring,
  title={Exploring the limits of transfer learning with a unified text-to-text transformer},
  author={Raffel, Colin and Shazeer, Noam and Roberts, Adam and Lee, Katherine and Narang, Sharan and Matena, Michael and Zhou, Yanqi and Li, Wei and Liu, Peter J},
  journal={Journal of machine learning research},
  volume={21},
  number={140},
  pages={1--67},
  year={2020}
}
@article{liu2024gpt,
  title={GPT understands, too},
  author={Liu, Xiao and Zheng, Yanan and Du, Zhengxiao and Ding, Ming and Qian, Yujie and Yang, Zhilin and Tang, Jie},
  journal={AI Open},
  volume={5},
  pages={208--215},
  year={2024},
  publisher={Elsevier}
}
@inproceedings{chen2023large,
  title={Large Language Models are few (1)-shot Table Reasoners},
  author={Chen, Wenhu},
  booktitle={Findings of the Association for Computational Linguistics: EACL 2023},
  pages={1120--1130},
  year={2023}
}
@article{chenprogram,
  title={Program of Thoughts Prompting: Disentangling Computation from Reasoning for Numerical Reasoning Tasks},
  author={Chen, Wenhu and Ma, Xueguang and Wang, Xinyi and Cohen, William W},
  journal={Transactions on Machine Learning Research},
  year={2023}
}
@article{wei2022chain,
  title={Chain-of-thought prompting elicits reasoning in large language models},
  author={Wei, Jason and Wang, Xuezhi and Schuurmans, Dale and Bosma, Maarten and Xia, Fei and Chi, Ed and Le, Quoc V and Zhou, Denny and others},
  journal={Advances in neural information processing systems},
  volume={35},
  pages={24824--24837},
  year={2022}
}
@online{rajkumar2022evaluating,
  title={Evaluating the text-to-sql capabilities of large language models},
  author={Rajkumar, Nitarshan and Li, Raymond and Bahdanau, Dzmitry},
  publisher={arXiv: 2204.00498},
  url={https://arxiv.org/abs/2204.00498},
  year={2022}
}
@inproceedings{ye2023large,
  title={Large language models are versatile decomposers: Decomposing evidence and questions for table-based reasoning},
  author={Ye, Yunhu and Hui, Binyuan and Yang, Min and Li, Binhua and Huang, Fei and Li, Yongbin},
  booktitle={Proceedings of the 46th international ACM SIGIR conference on research and development in information retrieval},
  pages={174--184},
  year={2023}
}
@inproceedings{wang2024chain,
  title={Chain-of-Table: Evolving Tables in the Reasoning Chain for Table Understanding},
  author={Wang, Zilong and Zhang, Hao and Li, Chun-Liang and Eisenschlos, Julian Martin and Perot, Vincent and Wang, Zifeng and Miculicich, Lesly and Fujii, Yasuhisa and Shang, Jingbo and Lee, Chen-Yu and others},
  booktitle={The Eleventh International Conference on Learning Representations},
  year={2024}
}
@inproceedings{chengbinding,
  title={Binding Language Models in Symbolic Languages},
  author={Cheng, Zhoujun and Xie, Tianbao and Shi, Peng and Li, Chengzu and Nadkarni, Rahul and Hu, Yushi and Xiong, Caiming and Radev, Dragomir and Ostendorf, Mari and Zettlemoyer, Luke and others},
  booktitle={The Eleventh International Conference on Learning Representations},
  year={2023}
}
@inproceedings{zhang2024data,
  title={Data-Copilot: Bridging Billions of Data and Humans with Autonomous Workflow},
  author={Zhang, Wenqi and Shen, Yongliang and Lu, Weiming and Zhuang, Yueting},
  booktitle={ICLR 2024 Workshop on Large Language Model (LLM) Agents},
  year={2023}
}
@online{zha2023tablegpt,
  title={Tablegpt: Towards unifying tables, nature language and commands into one gpt},
  author={Zha, Liangyu and Zhou, Junlin and Li, Liyao and Wang, Rui and Huang, Qingyi and Yang, Saisai and Yuan, Jing and Su, Changbao and Li, Xiang and Su, Aofeng and others},
  publisher={arXiv: 2307.08674},
  url={https://arxiv.org/abs/2307.08674},
  year={2023}
}
@inproceedings{jiang2023structgpt,
  title={StructGPT: A General Framework for Large Language Model to Reason over Structured Data},
  author={Jiang, Jinhao and Zhou, Kun and Ye, KeMing and Zhao, Xin and Wen, Ji-Rong and others},
  booktitle={The 2023 Conference on Empirical Methods in Natural Language Processing},
  year={2023}
}
@inproceedings{kongopentab,
  title={OpenTab: Advancing Large Language Models as Open-domain Table Reasoners},
  author={Kong, Kezhi and Zhang, Jiani and Shen, Zhengyuan and Srinivasan, Balasubramaniam and Lei, Chuan and Faloutsos, Christos and Rangwala, Huzefa and Karypis, George},
  booktitle={The Twelfth International Conference on Learning Representations},
  year={2024}
}
@inproceedings{chentabfact,
  title={TabFact: A Large-scale Dataset for Table-based Fact Verification},
  author={Chen, Wenhu and Wang, Hongmin and Chen, Jianshu and Zhang, Yunkai and Wang, Hong and Li, Shiyang and Zhou, Xiyou and Wang, William Yang},
  booktitle={International Conference on Learning Representations},
  year={2020}
}
@inproceedings{pasupat2015compositional,
  title={Compositional Semantic Parsing on Semi-Structured Tables},
  author={Pasupat, Panupong and Liang, Percy},
  booktitle={Proceedings of the 53rd Annual Meeting of the Association for Computational Linguistics and the 7th International Joint Conference on Natural Language Processing (Volume 1: Long Papers)},
  pages={1470--1480},
  year={2015}
}
@article{nan2022fetaqa,
  title={FeTaQA: Free-form table question answering},
  author={Nan, Linyong and Hsieh, Chiachun and Mao, Ziming and Lin, Xi Victoria and Verma, Neha and Zhang, Rui and Kry{\'s}ci{\'n}ski, Wojciech and Schoelkopf, Hailey and Kong, Riley and Tang, Xiangru and others},
  journal={Transactions of the Association for Computational Linguistics},
  volume={10},
  pages={35--49},
  year={2022},
  publisher={MIT Press One Broadway, 12th Floor, Cambridge, Massachusetts 02142, USA~…}
}
@inproceedings{yih2016value,
  title={The value of semantic parse labeling for knowledge base question answering},
  author={Yih, Wen-tau and Richardson, Matthew and Meek, Christopher and Chang, Ming-Wei and Suh, Jina},
  booktitle={Proceedings of the 54th Annual Meeting of the Association for Computational Linguistics (Volume 2: Short Papers)},
  pages={201--206},
  year={2016}
}
@inproceedings{zhang2018variational,
  title={Variational reasoning for question answering with knowledge graph},
  author={Zhang, Yuyu and Dai, Hanjun and Kozareva, Zornitsa and Smola, Alexander and Song, Le},
  booktitle={Proceedings of the AAAI conference on artificial intelligence},
  volume={32},
  number={1},
  year={2018}
}
@online{zhong2017seq2sql,
  title={Seq2SQL: Generating Structured Queries from Natural Language using Reinforcement Learning},
  author={Zhong, Victor and Xiong, Caiming and Socher, Richard},
  publisher={arXiv: 1709.00103},
  url={https://arxiv.org/abs/1709.00103},
  year={2017}
}
@inproceedings{yu2018spider,
  title={Spider: A large-scale human-labeled dataset for complex and cross-domain semantic parsing and text-to-SQL task},
  author={Yu, Tao and Zhang, Rui and Yang, Kai and Yasunaga, Michihiro and Wang, Dongxu and Li, Zifan and Ma, James and Li, Irene and Yao, Qingning and Roman, Shanelle and others},
  booktitle={2018 Conference on Empirical Methods in Natural Language Processing, EMNLP 2018},
  pages={3911--3921},
  year={2018},
  organization={Association for Computational Linguistics}
}
@inproceedings{gan2021towards,
  title={Towards Robustness of Text-to-SQL Models against Synonym Substitution},
  author={Gan, Yujian and Chen, Xinyun and Huang, Qiuping and Purver, Matthew and Woodward, John R and Xie, Jinxia and Huang, Pengsheng},
  booktitle={Proceedings of the 59th Annual Meeting of the Association for Computational Linguistics and the 11th International Joint Conference on Natural Language Processing (Volume 1: Long Papers)},
  pages={2505--2515},
  year={2021}
}
@inproceedings{kweon2023open,
  title={Open-WikiTable: Dataset for Open Domain Question Answering with Complex Reasoning over Table},
  author={Kweon, Sunjun and Kwon, Yeonsu and Cho, Seonhee and Jo, Yohan and Choi, Edward},
  booktitle={61st Annual Meeting of the Association for Computational Linguistics, ACL 2023},
  pages={8285--8297},
  year={2023},
  organization={Association for Computational Linguistics (ACL)}
}
@inproceedings{deng2021structure,
  title={Structure-Grounded Pretraining for Text-to-SQL},
  author={Deng, Xiang and Awadallah, Ahmed Hassan and Meek, Christopher and Polozov, Oleksandr and Sun, Huan and Richardson, Matthew},
  booktitle={The 2021 Annual Conference of the North American Chapter of the Association for Computational Linguistics},
  year={2021}
}
@inproceedings{aly2021fact,
  title={The Fact Extraction and VERification Over Unstructured and Structured information (FEVEROUS) Shared Task},
  author={Aly, Rami and Guo, Zhijiang and Schlichtkrull, Michael Sejr and Thorne, James and Vlachos, Andreas and Christodoulopoulos, Christos and Cocarascu, Oana and Mittal, Arpit},
  booktitle={Proceedings of the Fourth Workshop on Fact Extraction and VERification (FEVER)},
  year={2021},
  organization={Association for Computational Linguistics}
}
@article{chowdhery2023palm,
  title={Palm: Scaling language modeling with pathways},
  author={Chowdhery, Aakanksha and Narang, Sharan and Devlin, Jacob and Bosma, Maarten and Mishra, Gaurav and Roberts, Adam and Barham, Paul and Chung, Hyung Won and Sutton, Charles and Gehrmann, Sebastian and others},
  journal={Journal of Machine Learning Research},
  volume={24},
  number={240},
  pages={1--113},
  year={2023}
}
@online{chen2023phoenix,
  title={Phoenix: Democratizing chatgpt across languages},
  author={Chen, Zhihong and Jiang, Feng and Chen, Junying and Wang, Tiannan and Yu, Fei and Chen, Guiming and Zhang, Hongbo and Liang, Juhao and Zhang, Chen and Zhang, Zhiyi and others},
  publisher={arXiv: 2304.10453},
  url={https://arxiv.org/abs/2304.10453},
  year={2023}
}
@article{ouyang2022training,
  title={Training language models to follow instructions with human feedback},
  author={Ouyang, Long and Wu, Jeffrey and Jiang, Xu and Almeida, Diogo and Wainwright, Carroll and Mishkin, Pamela and Zhang, Chong and Agarwal, Sandhini and Slama, Katarina and Ray, Alex and others},
  journal={Advances in neural information processing systems},
  volume={35},
  pages={27730--27744},
  year={2022}
}
@inproceedings{he2016deep,
  title={Deep residual learning for image recognition},
  author={He, Kaiming and Zhang, Xiangyu and Ren, Shaoqing and Sun, Jian},
  booktitle={Proceedings of the IEEE conference on computer vision and pattern recognition},
  pages={770--778},
  year={2016}
}
@inproceedings{habiba2020neural,
  title={Neural ordinary differential equation based recurrent neural network model},
  author={Habiba, Mansura and Pearlmutter, Barak A},
  booktitle={2020 31st Irish signals and systems conference (ISSC)},
  pages={1--6},
  year={2020},
  organization={IEEE}
}
@article{rubanova2019latent,
  title={Latent ordinary differential equations for irregularly-sampled time series},
  author={Rubanova, Yulia and Chen, Ricky TQ and Duvenaud, David K},
  journal={Advances in neural information processing systems},
  volume={32},
  year={2019}
}
@online{li2021ode,
  title={Ode transformer: An ordinary differential equation-inspired model for neural machine translation},
  author={Li, Bei and Du, Quan and Zhou, Tao and Zhou, Shuhan and Zeng, Xin and Xiao, Tong and Zhu, Jingbo},
  publisher={arXiv: 2104.02308},
  url={https://arxiv.org/abs/2104.02308},
  year={2021}
}
@article{weinan2017proposal,
  title={A proposal on machine learning via dynamical systems},
  author={Weinan E},
  journal={Communications in Mathematics and Statistics},
  volume={5},
  number={1},
  pages={1--11},
  year={2017},
  publisher={Springer Science and Business Media LLC}
}
@article{cybenko1989approximation,
  title={Approximation by superpositions of a sigmoidal function},
  author={Cybenko, George},
  journal={Mathematics of control, signals and systems},
  volume={2},
  number={4},
  pages={303--314},
  year={1989},
  publisher={Springer}
}
@article{li2022deep,
  title={Deep learning via dynamical systems: An approximation perspective},
  author={Li, Qianxiao and Lin, Ting and Shen, Zuowei},
  journal={Journal of the European Mathematical Society},
  volume={25},
  number={5},
  pages={1671--1709},
  year={2022}
}
@article{cao2018brits,
  title={Brits: Bidirectional recurrent imputation for time series},
  author={Cao, Wei and Wang, Dong and Li, Jian and Zhou, Hao and Li, Lei and Li, Yitan},
  journal={Advances in neural information processing systems},
  volume={31},
  year={2018}
}
@inproceedings{pearlmutter1989learning,
  title={Learning state space trajectories in recurrent neural networks},
  author={Pearlmutter},
  booktitle={International 1989 Joint Conference on Neural Networks},
  pages={365--372},
  year={1989},
  organization={IEEE}
}
@article{neil2016phased,
  title={Phased lstm: Accelerating recurrent network training for long or event-based sequences},
  author={Neil, Daniel and Pfeiffer, Michael and Liu, Shih-Chii},
  journal={Advances in neural information processing systems},
  volume={29},
  year={2016}
}
@article{che2018recurrent,
  title={Recurrent neural networks for multivariate time series with missing values},
  author={Che, Zhengping and Purushotham, Sanjay and Cho, Kyunghyun and Sontag, David and Liu, Yan},
  journal={Scientific reports},
  volume={8},
  number={1},
  pages={6085},
  year={2018},
  publisher={Nature Publishing Group UK London}
}
@article{vaswani2017attention,
  title={Attention is all you need},
  author={Vaswani, Ashish and Shazeer, Noam and Parmar, Niki and Uszkoreit, Jakob and Jones, Llion and Gomez, Aidan N and Kaiser, {\L}ukasz and Polosukhin, Illia},
  journal={Advances in neural information processing systems},
  volume={30},
  year={2017}
}
@inproceedings{bahdanau2015neural,
  title={Neural machine translation by jointly learning to align and translate},
  author={Bahdanau, Dzmitry and Cho, Kyung Hyun and Bengio, Yoshua},
  booktitle={3rd International Conference on Learning Representations, ICLR 2015},
  year={2015}
}
@article{sutskever2014sequence,
  title={Sequence to sequence learning with neural networks},
  author={Sutskever, Ilya and Vinyals, Oriol and Le, Quoc V},
  journal={Advances in neural information processing systems},
  volume={27},
  year={2014}
}
@article{radford2018improving,
  title={Improving Language Understanding by Generative Pre-Training},
  author={Radford, Alec and Narasimhan, Karthik and Salimans, Tim and Sutskever, Ilya},
  year={2018}
}
@inproceedings{fan2018hierarchical,
  title={Hierarchical Neural Story Generation},
  author={Fan, Angela and Lewis, Mike and Dauphin, Yann},
  booktitle={Proceedings of the 56th Annual Meeting of the Association for Computational Linguistics (Volume 1: Long Papers)},
  year={2018},
  organization={Association for Computational Linguistics}
}
@inproceedings{holtzmancurious,
  title={The Curious Case of Neural Text Degeneration},
  author={Holtzman, Ari and Buys, Jan and Du, Li and Forbes, Maxwell and Choi, Yejin},
  booktitle={International Conference on Learning Representations},
  year={2019}
}
@article{radford2019language,
  title={Language models are unsupervised multitask learners},
  author={Radford, Alec and Wu, Jeffrey and Child, Rewon and Luan, David and Amodei, Dario and Sutskever, Ilya and others},
  journal={OpenAI blog},
  volume={1},
  number={8},
  pages={9},
  year={2019}
}
@article{liu2023filter,
  title={Filter pruning by quantifying feature similarity and entropy of feature maps},
  author={Liu, Yajun and Fan, Kefeng and Wu, Dakui and Zhou, Wenju},
  journal={Neurocomputing},
  volume={544},
  pages={126297},
  year={2023},
  publisher={Elsevier}
}
@inproceedings{jacob2018quantization,
  title={Quantization and training of neural networks for efficient integer-arithmetic-only inference},
  author={Jacob, Benoit and Kligys, Skirmantas and Chen, Bo and Zhu, Menglong and Tang, Matthew and Howard, Andrew and Adam, Hartwig and Kalenichenko, Dmitry},
  booktitle={Proceedings of the IEEE conference on computer vision and pattern recognition},
  pages={2704--2713},
  year={2018}
}
@article{hinton2015distilling,
  title={Distilling the Knowledge in a Neural Network},
  author={Hinton, Geoffrey and Vinyals, Oriol and Dean, Jeff},
  journal={stat},
  volume={1050},
  pages={9},
  year={2015}
}
@online{han2015deep,
  title={Deep compression: Compressing deep neural networks with pruning, trained quantization and huffman coding},
  author={Han, Song and Mao, Huizi and Dally, William J},
  publisher={arXiv: 1510.00149},
  url={https://arxiv.org/abs/1510.00149},
  year={2015}
}
@inproceedings{houlsby2019parameter,
  title={Parameter-efficient transfer learning for NLP},
  author={Houlsby, Neil and Giurgiu, Andrei and Jastrzebski, Stanislaw and Morrone, Bruna and De Laroussilhe, Quentin and Gesmundo, Andrea and Attariyan, Mona and Gelly, Sylvain},
  booktitle={International conference on machine learning},
  pages={2790--2799},
  year={2019},
  organization={PMLR}
}
@inproceedings{liu2022p,
  title={P-Tuning: Prompt Tuning Can Be Comparable to Fine-tuning Across Scales and Tasks},
  author={Liu, Xiao and Ji, Kaixuan and Fu, Yicheng and Tam, Weng and Du, Zhengxiao and Yang, Zhilin and Tang, Jie},
  booktitle={Proceedings of the 60th Annual Meeting of the Association for Computational Linguistics (Volume 2: Short Papers)},
  pages={61--68},
  year={2022}
}
@online{feng2023trends,
  title={Trends in integration of knowledge and large language models: A survey and taxonomy of methods, benchmarks, and applications},
  author={Feng, Zhangyin and Ma, Weitao and Yu, Weijiang and Huang, Lei and Wang, Haotian and Chen, Qianglong and Peng, Weihua and Feng, Xiaocheng and Qin, Bing and others},
  publisher={arXiv: 2311.05876},
  url={https://arxiv.org/abs/2311.05876},
  year={2023}
}
@inproceedings{xu2023retrieval,
  title={Retrieval meets long context large language models},
  author={Xu, Peng and Ping, Wei and Wu, Xianchao and McAfee, Lawrence and Zhu, Chen and Liu, Zihan and Subramanian, Sandeep and Bakhturina, Evelina and Shoeybi, Mohammad and Catanzaro, Bryan},
  booktitle={The Twelfth International Conference on Learning Representations},
  year={2023}
}
@online{balaguer2024rag,
  title={RAG vs fine-tuning: Pipelines, tradeoffs, and a case study on agriculture},
  author={Balaguer, Angels and Benara, Vinamra and Cunha, Renato Luiz de Freitas and Hendry, Todd and Holstein, Daniel and Marsman, Jennifer and Mecklenburg, Nick and Malvar, Sara and Nunes, Leonardo O and Padilha, Rafael and others},
  publisher={arXiv: 2401.08406},
  url={https://arxiv.org/abs/2401.08406},
  year={2024}
}
@article{robertson2009probabilistic,
  title={The probabilistic relevance framework: BM25 and beyond},
  author={Robertson, Stephen and Zaragoza, Hugo and others},
  journal={Foundations and Trends{\textregistered} in Information Retrieval},
  volume={3},
  number={4},
  pages={333--389},
  year={2009},
  publisher={Now Publishers, Inc.}
}
@online{mozer2017discrete,
  title={Discrete event, continuous time rnns},
  author={Mozer, Michael C and Kazakov, Denis and Lindsey, Robert V},
  publisher={arXiv: 1710.04110},
  url={https://arxiv.org/abs/1710.04110},
  year={2017}
}
@article{deng2020model,
  title={Model compression and hardware acceleration for neural networks: A comprehensive survey},
  author={Deng, Lei and Li, Guoqi and Han, Song and Shi, Luping and Xie, Yuan},
  journal={Proceedings of the IEEE},
  volume={108},
  number={4},
  pages={485--532},
  year={2020},
  publisher={IEEE}
}
@article{nomura1993structure,
  title={The structure of inhomogeneous turbulence in variable density nonpremixed flames},
  author={Nomura, KK and Elghobashi, SE},
  journal={Theoretical and Computational Fluid Dynamics},
  volume={5},
  number={4},
  pages={153--175},
  year={1993},
  publisher={Springer}
}
@article{chatterjee2000introduction,
  title={An introduction to the proper orthogonal decomposition},
  author={Chatterjee, Anindya},
  journal={Current science},
  pages={808--817},
  year={2000},
  publisher={JSTOR}
}
@article{graves2012long,
  title={Long short-term memory},
  author={Graves, Alex and Graves, Alex},
  journal={Supervised sequence labelling with recurrent neural networks},
  pages={37--45},
  year={2012},
  publisher={Springer}
}
@article{hochreiter1997long,
  title={Long short-term memory},
  author={Hochreiter, Sepp and Schmidhuber, J{\"u}rgen},
  journal={Neural computation},
  volume={9},
  number={8},
  pages={1735--1780},
  year={1997},
  publisher={MIT press}
}

@inproceedings{anguita2012human,
  title={Human activity recognition on smartphones using a multiclass hardware-friendly support vector machine},
  author={Anguita, Davide and Ghio, Alessandro and Oneto, Luca and Parra, Xavier and Reyes-Ortiz, Jorge L},
  booktitle={Ambient Assisted Living and Home Care: 4th International Workshop, IWAAL 2012, Vitoria-Gasteiz, Spain, December 3-5, 2012. Proceedings 4},
  pages={216--223},
  year={2012},
  organization={Springer}
}
@article{xue2013restructuring,
  title={Restructuring of deep neural network acoustic models with singular value decomposition},
  author={Xue, Jian and Li, Jinyu and Gong, Yifan},
  journal={Interspeech 2013},
  year={2013},
  publisher={ISCA}
}
@inproceedings{zheng2024multimodal,
  title={Multimodal Table Understanding},
  author={Zheng, Mingyu and Feng, Xinwei and Si, Qingyi and She, Qiaoqiao and Lin, Zheng and Jiang, Wenbin and Wang, Weiping},
  booktitle={Proceedings of the 62nd Annual Meeting of the Association for Computational Linguistics (Volume 1: Long Papers)},
  pages={9102--9124},
  year={2024}
}
@inproceedings{chen2023clip2scene,
  title={Clip2scene: Towards label-efficient 3d scene understanding by clip},
  author={Chen, Runnan and Liu, Youquan and Kong, Lingdong and Zhu, Xinge and Ma, Yuexin and Li, Yikang and Hou, Yuenan and Qiao, Yu and Wang, Wenping},
  booktitle={Proceedings of the IEEE/CVF Conference on Computer Vision and Pattern Recognition},
  pages={7020--7030},
  year={2023}
}
@article{liu2023visual,
  title={Visual instruction tuning},
  author={Liu, Haotian and Li, Chunyuan and Wu, Qingyang and Lee, Yong Jae},
  journal={Advances in neural information processing systems},
  volume={36},
  pages={34892--34916},
  year={2023}
}
@inproceedings{radford2021learning,
  title={Learning transferable visual models from natural language supervision},
  author={Radford, Alec and Kim, Jong Wook and Hallacy, Chris and Ramesh, Aditya and Goh, Gabriel and Agarwal, Sandhini and Sastry, Girish and Askell, Amanda and Mishkin, Pamela and Clark, Jack and others},
  booktitle={International conference on machine learning},
  pages={8748--8763},
  year={2021},
  organization={PmLR}
}
@inproceedings{dosovitskiy2020image,
  title={An Image is Worth 16x16 Words: Transformers for Image Recognition at Scale},
  author={Dosovitskiy, Alexey and Beyer, Lucas and Kolesnikov, Alexander and Weissenborn, Dirk and Zhai, Xiaohua and Unterthiner, Thomas and Dehghani, Mostafa and Minderer, Matthias and Heigold, G and Gelly, S and others},
  booktitle={International Conference on Learning Representations},
  year={2020}
}
@article{johnson2019billion,
  title={Billion-scale similarity search with GPUs},
  author={Johnson, Jeff and Douze, Matthijs and J{\'e}gou, Herv{\'e}},
  journal={IEEE Transactions on Big Data},
  volume={7},
  number={3},
  pages={535--547},
  year={2019},
  publisher={IEEE}
}
@online{bai2023qwen,
  title={Qwen technical report},
  author={Bai, Jinze and Bai, Shuai and Chu, Yunfei and Cui, Zeyu and Dang, Kai and Deng, Xiaodong and Fan, Yang and Ge, Wenbin and Han, Yu and Huang, Fei and others},
  publisher={arXiv: 2309.16609},
  url={https://arxiv.org/abs/2309.16609},
  year={2023}
}
@article{sarzynska2021detecting,
  title={Detecting formal thought disorder by deep contextualized word representations},
  author={Sarzynska-Wawer, Justyna and Wawer, Aleksander and Pawlak, Aleksandra and Szymanowska, Julia and Stefaniak, Izabela and Jarkiewicz, Michal and Okruszek, Lukasz},
  journal={Psychiatry Research},
  volume={304},
  pages={114135},
  year={2021},
  publisher={Elsevier}
}
@inproceedings{tian2016detecting,
  title={Detecting text in natural image with connectionist text proposal network},
  author={Tian, Zhi and Huang, Weilin and He, Tong and He, Pan and Qiao, Yu},
  booktitle={Computer vision--ECCV 2016: 14th European conference, amsterdam, the netherlands, October 11-14, 2016, proceedings, part VIII 14},
  pages={56--72},
  year={2016},
  organization={Springer}
}